@String{pami = {{IEEE} {T}ransactions on Pattern Analysis and Machine Intelligence}}
@String{itip = {{IEEE} {T}ransactions on Image Processing}}
@String{ijcv = {International Journal of Computer Vision}}
@String{prl = {Pattern Recognition Letters}}
@String{lti = {{L}ehrstuhl für {T}echnische {I}nformatik, RWTH-Aachen University}}

@Booklet{Alvarado2005,
  title =        {Modelos de Sistemas.  {N}otas de Clase},
  author =       {P. Alvarado},
  url =          {http://www.ie.itcr.ac.cr/palvarado/Modelos/modelos.pdf},
  school =       {Escuela de Ingeniería Electrónica, ITCR},
  year =         {2005},
}

@Book{Burrus1998,
  author =	 {C. S. Burrus and J. H. McClellan and A. V. Oppenheim and T. W. Parks and R. W. Schafer and H. W. Schuessler},
  title = 	 {Ejercicios de Tratamiento de la Señal.  Un enfoque práctico},
  publisher = 	 {Prentice Hall},
  year = 	 1998
}

@Book{Davis1963,
  author =       {H. F. Davis},
  title =        {Fourier series and orthogonal functions},
  publisher =    {Dover Publications, Inc.},
  year =         {1963}
}

@Book{Haykin2001,
  author =       {S. Haykin and B. van Veen},
  title =        {Señales y sistemas},
  publisher =    {Limusa Wiley},
  year =         {2001},
}

@Book{James2002,
  author =	 {G.~James},
  title = 	 {Matemáticas Avanzadas para Ingeniería},
  publisher = 	 {Prentice Hall},
  year = 	 2002,
  edition =	 {2da}
}

@Book{Kreyszig2000a,
  author =	 {E.~Kreyszig},
  title = 	 {Matemáticas Avanzadas para Ingeniería},
  publisher = 	 {Limusa Wiley},
  year = 	 2000,
  volume =	 {I},
  edition =	 {3ra}
}

@Book{Kreyszig2000b,
  author =	 {E.~Kreyszig},
  title = 	 {Matemáticas Avanzadas para Ingeniería},
  publisher = 	 {Limusa Wiley},
  year = 	 2000,
  volume =	 {II},
  edition =	 {3ra}
}

@Book{Lindner2002,
  author =       {D.~Lindner},
  title =        {Introducción a las señales y los sistemas},
  publisher =    {McGraw Hill},
  year =         2002
}

@Webpage{MatLab,
   url =       {http://www.matlab.com},
   author    = {MathWorks},
   title     = {MatLab},
   year      = {1994},
   lastchecked = {\today}
}

@Webpage{Octave,
   url =       {http://www.octave.org},
   author    = {John W. Eaton},
   title     = {Octave},
   school    = {University of Wisconsin},
   year      = {1998},
   lastchecked = {\today}
}

@Webpage{OctaveRep,
   url =       {http://octave.sourceforge.net/afunclist.html},
   author    = {John W. Eaton},
   title     = {Octave Repository},
   school    = {University of Wisconsin},
   year      = {1998},
   lastchecked = {\today}
}

@Book{Oppenheim1998,
  author = 	 {A. Oppenheim and A. Willsky and S. H. Nawab},
  title = 	 {Señales y Sistemas},
  publisher = 	 {Prentice Hall},
  year = 	 1998,
  edition =	 {2da}
}

@Book{ProakisManolakis1998,
  author =	 {J. G. Proakis and D. G. Manolakis},
  title = 	 {Tratamiento Digital de Señales},
  publisher = 	 {Prentice Hall},
  year = 	 {1998},
}

@Book{Roberts2005,
  author =       {M. J. Roberts},
  title =        {Señales y Sistemas.  Análisis mediante métodos de 
                  transformada y {MatLab}},
  publisher =    {McGraw Hill},
  year =         {2005}
}

@Book{Shilov1973,
  author =       {G. E. Shilov},
  title =        {Elementary Real and Complex Analysis},
  publisher =    {Dover Publications, Inc.},
  year =         {1973}
}

@Book{Soria2003,
  author =	 {E. Soria{ }Olivas and M. Martínez{ }Sober and 
                  J. V. Francés{ }Villora and G. Camps{ }Valls},
  title = 	 {Tratamiento Digital de Señales.  Problemas y ejercicios resueltos},
  publisher = 	 {Prentice Hall},
  year = 	 {2003},
  address =	 {Madrid}
}

@Book{Stremler1993,
  author =       {F. G. Stremler},
  title =        {Introducción a los sistemas de comunicación},
  publisher =    {Addison Wesley Longman},
  year =         {1993}
}

@inproceedings{Fuentes2017,
author = {Fuentes, Alvaro and Im, Dong Hyeok and Yoon, Sook and Park, Dong Sun},
booktitle = {Lecture Notes in Computer Science (including subseries Lecture Notes in Artificial Intelligence and Lecture Notes in Bioinformatics)},
doi = {10.1007/978-3-319-59063-9_4},
isbn = {9783319590622},
issn = {16113349},
pages = {40--51},
title = {{Spectral analysis of CNN for tomato disease identification}},
volume = {10245 LNAI},
year = {2017}
}

@article{Makhzani2015,
archivePrefix = {arXiv},
arxivId = {1511.05644},
author = {Makhzani, Alireza and Shlens, Jonathon and Jaitly, Navdeep and Goodfellow, Ian and Frey, Brendan},
eprint = {1511.05644},
title = {{Adversarial Autoencoders}},
year = {2015}
}

@article{AsimeniaDimokranitou2017,
author = {by {Asimenia Dimokranitou} and Tsechpenakis, Gavriil and {Yu Zheng}, Jiang and Tuceryan, Mihran},
doi = {10.1021/acs.biomac.8b00588},
isbn = {9780355188110},
issn = {15264602},
journal = {Master thesis of Purde University},
number = {May},
title = {{Adversarial Autoencoders for Anomalous Event Detection}},
year = {2017}
}

@inproceedings{Kingma2014,
archivePrefix = {arXiv},
arxivId = {1312.6114},
author = {Kingma, Diederik P and Welling, Max},
booktitle = {2nd International Conference on Learning Representations, ICLR 2014 - Conference Track Proceedings},
eprint = {1312.6114},
title = {{Auto-encoding variational bayes}},
year = {2014}
}

@article{Dilokthanakul2016,
archivePrefix = {arXiv},
arxivId = {1611.02648},
author = {Dilokthanakul, Nat and Mediano, Pedro A M and Garnelo, Marta and Lee, Matthew C H and Salimbeni, Hugh and Arulkumaran, Kai and Shanahan, Murray},
eprint = {1611.02648},
isbn = {1611.02648v2},
title = {{Deep Unsupervised Clustering with Gaussian Mixture Variational Autoencoders}},
year = {2016}
}

@article{Doersch2016,
archivePrefix = {arXiv},
arxivId = {1606.05908},
author = {Doersch, Carl},
eprint = {1606.05908},
title = {{Tutorial on Variational Autoencoders}},
year = {2016}
}

@article{Fuentes2019,
author = {Fuentes, Alvaro and Yoon, Sook and Park, Dong Sun},
issn = {1664-462X},
journal = {Frontiers in Plant Science},
month = {nov},
title = {{Deep Learning-Based Phenotyping System With Glocal Description of Plant Anomalies and Symptoms}},
volume = {10},
year = {2019}
}

@article{Bergougnoux2014,
author = {Bergougnoux, V{\'{e}}ronique},
issn = {07349750},
journal = {Biotechnology Advances},
number = {1},
pages = {170--189},
publisher = {Elsevier Inc.},
title = {{The history of tomato: From domestication to biopharming}},
volume = {32},
year = {2014}
}

@article{MAG2007,
author = {Ministerio de Agricultura y Ganadería de Costa Rica},
pages = {1--80},
title = {{Agrocadena de tomate}},
url = {www.mag.go.cr},
year = {2007}
}

@article{Strange2005,
author = {Strange, Richard N. and Scott, Peter R.},
issn = {0066-4286},
journal = {Annual Review of Phytopathology},
number = {1},
pages = {83--116},
title = {{Plant Disease: A Threat to Global Food Security}},
volume = {43},
year = {2005}
}

@article{Coakley1999,
author = {Coakley, Stella Melugin and Scherm, Harald},
pages = {399--426},
title = {{Cambio Climatico Y Manejo De Las Enfermedades En Plantas}},
year = {1999}
}

@article{DiMattia2019,
archivePrefix = {arXiv},
arxivId = {1906.11632},
author = {{Di Mattia}, Federico and Galeone, Paolo and {De Simoni}, Michele and Ghelfi, Emanuele},
eprint = {1906.11632},
title = {{A Survey on GANs for Anomaly Detection}},
year = {2019}
}

@article{Karras2018,
archivePrefix = {arXiv},
arxivId = {1812.04948},
author = {Karras, Tero and Laine, Samuli and Aila, Timo},
month = {dec},
title = {{A Style-Based Generator Architecture for Generative Adversarial Networks}},
year = {2018}
}

@inproceedings{Goodfellow2014,
archivePrefix = {arXiv},
arxivId = {1406.2661},
author = {Goodfellow, Ian J and Pouget-Abadie, Jean and Mirza, Mehdi and Xu, Bing and Warde-Farley, David and Ozair, Sherjil and Courville, Aaron and Bengio, Yoshua},
booktitle = {Advances in Neural Information Processing Systems},
issn = {10495258},
number = {January},
pages = {2672--2680},
title = {{Generative adversarial nets}},
volume = {3},
year = {2014}
}

@article{Fuentes2018,
author = {Fuentes, Alvaro F and Yoon, Sook and Lee, Jaesu and Park, Dong Sun},
journal = {Frontiers in Plant Science},
pages = {1162},
title = {{High-Performance Deep Neural Network-Based Tomato Plant Diseases and Pests Diagnosis System With Refinement Filter Bank}},
url = {www.frontiersin.org},
volume = {9},
year = {2018}
}

@inproceedings{Schlegl2017,
archivePrefix = {arXiv},
arxivId = {1703.05921v1},
author = {Schlegl, Thomas and Seeb{\"{o}}ck, Philipp and Waldstein, Sebastian M and Schmidt-Erfurth, Ursula and Langs, Georg},
booktitle = {Lecture Notes in Computer Science (including subseries Lecture Notes in Artificial Intelligence and Lecture Notes in Bioinformatics)},
isbn = {9783319590493},
issn = {16113349},
pages = {146--147},
title = {{Unsupervised anomaly detection with generative adversarial networks to guide marker discovery}},
volume = {10265 LNCS},
year = {2017}
}

@inproceedings{Wang2019,
archivePrefix = {arXiv},
arxivId = {1705.06821},
author = {Wang, Zhengyang and Yuan, Hao and Ji, Shuiwang},
booktitle = {SIAM International Conference on Data Mining, SDM 2019},
doi = {10.1137/1.9781611975673.73},
eprint = {1705.06821},
isbn = {9781611975673},
pages = {648--656},
title = {{Spatial variational auto-encoding via matrix-variate normal distributions}},
year = {2019}
}

@inproceedings{Baur2019,
archivePrefix = {arXiv},
arxivId = {1804.04488},
author = {Baur, Christoph and Wiestler, Benedikt and Albarqouni, Shadi and Navab, Nassir},
booktitle = {Lecture Notes in Computer Science (including subseries Lecture Notes in Artificial Intelligence and Lecture Notes in Bioinformatics)},
isbn = {9783030117221},
issn = {16113349},
pages = {161--169},
title = {{Deep autoencoding models for unsupervised anomaly segmentation in brain MR images}},
volume = {11383 LNCS},
year = {2019}
}

@article{Pan2019,
issn = {21693536},
journal = {IEEE Access},
pages = {36322--36333},
title = {{Recent Progress on Generative Adversarial Networks (GANs): A Survey}},
volume = {7},
year = {2019}
}

@article{Park2017,
author = {Park, Dong Sun},
number = {October 2016},
title = {{Characteristics of Tomato Plant Diseases}},
year = {2017}
}

@article{Fuentes2017_2,
isbn = {1424-8220},
issn = {14248220},
journal = {Sensors (Switzerland)},
pmid = {28869539},
title = {{A robust deep-learning-based detector for real-time tomato plant diseases and pests recognition}},
year = {2017}
}

@article{Nansen2019,
author = {Nansen, C. and Stewart, A. N. and Gutierrez, T. A. M. and Wintermantel, W. M. and McRoberts, N. and Gilbertson, R. L.},
issn = {00320862},
journal = {Plant Pathology},
pages = {1--9},
title = {{Proximal remote sensing to differentiate nonviruliferous and viruliferous insect vectors - proof of concept and importance of input data robustness}},
year = {2019}
}

@article{Fuentes2017_3,
author = {Fuentes, Alvaro F. and Yoon, Sook and Park, Dong Sun},
journal = {ISITC 2017 International Symposium on Information Technology Convergence},
number = {December},
title = {{Understanding Convolutional Neural Network Architectures for Small-Scale Objects Identification}},
year = {2017}
}

@techreport{Lecun1999,
author = {Lecun, Yann},
institution = {AT{\&}T Shannon Lab},
title = {{Object Recognition with Gradient Based Learning}},
year = {1999}
}

@article{Liu2019,
archivePrefix = {arXiv},
arxivId = {1809.02165},
author = {Liu, Li and Ouyang, Wanli and Wang, Xiaogang and Fieguth, Paul and Chen, Jie and Liu, Xinwang and Pietik{\"{a}}inen, Matti},
doi = {10.1007/s11263-019-01247-4},
issn = {15731405},
journal = {International Journal of Computer Vision},
title = {{Deep Learning for Generic Object Detection: A Survey}},
year = {2019}
}

@book{goodfellow_bengio_courville_2017, 
place={Cambridge, MA}, 
title={Deep learning}, 
publisher={MIT Press}, 
author={Goodfellow, Ian and Bengio, Yoshua and Courville, Aaron}, 
year={2017}
}

@article{Schlegl2019,
author = {Schlegl, Thomas and Seeb{\"{o}}ck, Philipp and Waldstein, Sebastian M. and Langs, Georg and Schmidt-Erfurth, Ursula},
issn = {13618423},
journal = {Medical Image Analysis},
month = {may},
pages = {30--44},
publisher = {Elsevier B.V.},
title = {{f-AnoGAN: Fast unsupervised anomaly detection with generative adversarial networks}},
volume = {54},
year = {2019}
}

@article{Higgins2016,
archivePrefix = {arXiv},
author = {Higgins, Irina and Matthey, Loic and Glorot, Xavier and Pal, Arka and Uria, Benigno and Blundell, Charles and Mohamed, Shakir and Lerchner, Alexander},
title = {{Early Visual Concept Learning with Unsupervised Deep Learning}},
url = {http://arxiv.org/abs/1606.05579},
year = {2016}
}

